<record xmlns="http://www.loc.gov/MARC21/slim" xmlns:xsi="http://www.w3.org/2001/XMLSchema-instance" xsi:schemaLocation="http://www.loc.gov/MARC21/slim http://www.loc.gov/standards/marcxml/schema/MARC21slim.xsd"><leader>02606nam a2200505   4500</leader><controlfield tag="001">001496947</controlfield><controlfield tag="003">NNU</controlfield><controlfield tag="006">m        d        </controlfield><controlfield tag="007">cr cn |||m|||a</controlfield><controlfield tag="008">150116s1955    ir      o     000 0 ara d</controlfield><datafield ind1=" " ind2=" " tag="040"><subfield code="a">NNU</subfield><subfield code="b">eng</subfield><subfield code="e">rda</subfield><subfield code="c">NNU</subfield></datafield><datafield ind1=" " ind2="4" tag="050"><subfield code="a">BC66.A7</subfield><subfield code="b">S95 1955</subfield></datafield><datafield ind1="0" ind2="0" tag="050"><subfield code="a">B753.S833</subfield><subfield code="b">T35 1955</subfield></datafield><datafield ind1="1" ind2=" " tag="100"><subfield code="6">880-01</subfield><subfield code="a">Suhrawardi&#772;, Yah&#803;ya&#769; ibn H&#803;abash,</subfield><subfield code="d">1152 or 1153-1191.</subfield></datafield><datafield ind1="1" ind2="0" tag="240"><subfield code="a">Talwi&#772;h&#803;a&#772;t</subfield></datafield><datafield ind1="1" ind2="0" tag="245"><subfield code="6">880-02</subfield><subfield code="a">Mant&#803;iq al-talwi&#772;h&#803;a&#772;t /</subfield><subfield code="c">ta&#700;li&#772;f Shiha&#772;b al-Di&#772;n Yah&#803;ya&#772; ibn H&#803;abash al-Suhrawardi&#772; ; h&#803;aqqaqahu wa-qaddama lahu &#699;Ali&#772; Akbar Fayya&#772;d&#803;.</subfield></datafield><datafield ind1=" " ind2=" " tag="260"><subfield code="6">880-03</subfield><subfield code="a">Tihra&#772;n :</subfield><subfield code="b">Ja&#772;mi&#699;at Tihra&#772;n,</subfield><subfield code="c">1955.</subfield></datafield><datafield ind1=" " ind2=" " tag="300"><subfield code="a">online resource ([8], 100 pages)</subfield></datafield><datafield ind1=" " ind2=" " tag="336"><subfield code="a">text</subfield><subfield code="2">rdacontent</subfield></datafield><datafield ind1=" " ind2=" " tag="337"><subfield code="a">computer</subfield><subfield code="2">rdamedia</subfield></datafield><datafield ind1=" " ind2=" " tag="338"><subfield code="a">online resource</subfield><subfield code="2">rdacarrier</subfield></datafield><datafield ind1="1" ind2=" " tag="490"><subfield code="6">880-04</subfield><subfield code="a">Intisha&#772;ra&#772;t-i Da&#772;nishga&#772;h-i Tihra&#772;n ;</subfield><subfield code="v">270</subfield></datafield><datafield ind1=" " ind2=" " tag="500"><subfield code="a">Part of the Arabic Collections Online (ACO) project, contributed by New York Univeristy Libraries.</subfield></datafield><datafield ind1=" " ind2=" " tag="533"><subfield code="a">Electronic reproduction.</subfield><subfield code="b">New York, N.Y. :</subfield><subfield code="c">New York University,</subfield><subfield code="d">2015.</subfield><subfield code="5">NNU</subfield></datafield><datafield ind1=" " ind2="0" tag="650"><subfield code="a">Islamic philosophy</subfield><subfield code="v">Early works to 1800.</subfield></datafield><datafield ind1=" " ind2="0" tag="650"><subfield code="a">Logic</subfield><subfield code="v">Early works to 1800.</subfield></datafield><datafield ind1=" " ind2="0" tag="650"><subfield code="a">Metaphysics</subfield><subfield code="v">Early works to 1800.</subfield></datafield><datafield ind1=" " ind2="7" tag="650"><subfield code="a">Islamic philosophy.</subfield><subfield code="2">fast</subfield><subfield code="0">(OCoLC)fst01730358</subfield></datafield><datafield ind1=" " ind2="7" tag="650"><subfield code="a">Logic.</subfield><subfield code="2">fast</subfield><subfield code="0">(OCoLC)fst01002014</subfield></datafield><datafield ind1=" " ind2="7" tag="650"><subfield code="a">Metaphysics.</subfield><subfield code="2">fast</subfield><subfield code="0">(OCoLC)fst01018304</subfield></datafield><datafield ind1=" " ind2="7" tag="655"><subfield code="a">Early works.</subfield><subfield code="2">fast</subfield><subfield code="0">(OCoLC)fst01411636</subfield></datafield><datafield ind1="1" ind2=" " tag="700"><subfield code="6">880-05</subfield><subfield code="a">Fayya&#772;z&#804;, &#699;Ali&#772; Akbar,</subfield><subfield code="d">-1971.</subfield></datafield><datafield ind1="2" ind2=" " tag="710"><subfield code="a">New York University.</subfield><subfield code="b">Libraries.</subfield></datafield><datafield ind1="0" ind2=" " tag="730"><subfield code="a">Arabic Collections Online.</subfield></datafield><datafield ind1="0" ind2="8" tag="776"><subfield code="i">Online version:</subfield><subfield code="a">Suhrawardi&#772;, Yah&#803;ya&#772; ibn H&#803;abash, 1152 or 3-1191.</subfield><subfield code="s">Talwi&#772;h&#803;a&#772;t.</subfield><subfield code="t">Mant&#803;iq al-talwi&#772;h&#803;a&#772;t.</subfield><subfield code="d">Tihra&#772;n : Ja&#772;mi&#699;at Tihra&#772;n, 1955</subfield><subfield code="w">(OCoLC)654260276</subfield></datafield><datafield ind1="0" ind2="8" tag="776"><subfield code="i">Print version:</subfield><subfield code="a">Suhrawardi&#772;, Yah&#803;ya&#769; ibn H&#803;abash, 1152 or 1153-1191.</subfield><subfield code="t">Mant&#803;iq al-talwi&#772;h&#803;a&#772;t</subfield><subfield code="w">(NNU)001496947</subfield><subfield code="w">(DLC)  2007553729</subfield></datafield><datafield ind1="4" ind2="0" tag="856"><subfield code="u">http://hdl.handle.net/2333.1/pvmcvgxh</subfield></datafield><datafield ind1="1" ind2=" " tag="880"><subfield code="6">100-01/</subfield><subfield code="a">&#1587;&#1607;&#1585;&#1608;&#1585;&#1583;&#1609;&#1548; &#1610;&#1581;&#1610;&#1609; &#1576;&#1606; &#1581;&#1576;&#1588;.</subfield></datafield><datafield ind1="1" ind2="0" tag="880"><subfield code="6">245-02/</subfield><subfield code="a">&#1605;&#1606;&#1591;&#1602; &#1575;&#1604;&#1578;&#1604;&#1608;&#1610;&#1581;&#1575;&#1578; /</subfield><subfield code="c">&#1578;&#1571;&#1604;&#1610;&#1601; &#1588;&#1607;&#1575;&#1576; &#1575;&#1604;&#1583;&#1610;&#1606; &#1610;&#1581;&#1610;&#1609; &#1576;&#1606; &#1581;&#1576;&#1588; &#1575;&#1604;&#1587;&#1607;&#1585;&#1608;&#1585;&#1583;&#1609; &#1563; &#1581;&#1602;&#1602;&#1607; &#1608;&#1602;&#1583;&#1605; &#1604;&#1607; &#1593;&#1604;&#1610; &#1575;&#1603;&#1576;&#1585; &#1601;&#1610;&#1575;&#1590;.</subfield></datafield><datafield ind1=" " ind2=" " tag="880"><subfield code="6">260-03/</subfield><subfield code="a">&#1578;&#1607;&#1585;&#1575;&#1606; :</subfield><subfield code="b">&#1580;&#1575;&#1605;&#1593;&#1577; &#1578;&#1607;&#1585;&#1575;&#1606;&#1548;</subfield><subfield code="c">1955.</subfield></datafield><datafield ind1="1" ind2=" " tag="880"><subfield code="6">490-04/</subfield><subfield code="a">&#1575;&#1606;&#1578;&#1588;&#1575;&#1585;&#1575;&#1578; &#1583;&#1575;&#1606;&#1588;&#1711;&#1575;&#1607; &#1578;&#1607;&#1585;&#1575;&#1606; &#1563;</subfield><subfield code="v">270</subfield></datafield><datafield ind1="1" ind2=" " tag="880"><subfield code="6">700-05/</subfield><subfield code="a">&#1601;&#1610;&#1575;&#1590;&#1548; &#1593;&#1604;&#1610; &#1575;&#1603;&#1576;&#1585;.</subfield></datafield><datafield ind1=" " ind2="0" tag="830"><subfield code="a">Publications de l'Universit&#233; de Tehran ;</subfield><subfield code="v">no 270.</subfield></datafield><datafield ind1=" " ind2=" " tag="959"><subfield code="a">NNU</subfield><subfield code="b">WEB</subfield><subfield code="c">GENI</subfield><subfield code="t">0</subfield><subfield code="m">Electronic access</subfield><subfield code="s">01</subfield></datafield><datafield ind1=" " ind2=" " tag="999"><subfield code="i">NNU_001496947</subfield><subfield code="o" /><subfield code="e">(ERROR-880)</subfield></datafield></record>